@BOOK{ FR1993,
AUTHOR    = {Don Fullerton and Diane Lim Rogers}, 
TITLE     = {Who Bears the Lifetime Tax Burden?},
PUBLISHER = {The Brookings Institution},
YEAR      = {1993},
Volume    = {},
Series    = {},
Address   = {},
Edition   = {},
Month     = {},
Note      = {},
Key       = {}
}

@Article{King1979,
  author={A. Thomas King},
  title={{Estimation of a Linear Expenditure System for the United States in 1973}},
  journal={Journal of Economics and Business},
  year=1979,
  volume={31},
  number={3},
  pages={190-195},
  month={Spring},
  keywords={},
  abstract={},
  url={}
}

@Article{Gieseman1987,
  author={Raymond Gieseman},
  title={{The Consumer Expenditure Survey: Quality Control by Comparative Analysis}},
  journal={Monthly Labor Review},
  year=1987,
  volume={110},
  number={},
  pages={8-14},
  month={March},
  keywords={},
  abstract={},
  url={}
}